<record><leader>00000cas a22000007a 4500</leader><controlfield tag="001">22569698</controlfield><controlfield tag="008">901023d18661882mauwr ne      0    0eng d</controlfield><datafield ind1=" " ind2=" " tag="010"><subfield code="a">sn 89063340 </subfield></datafield><datafield ind1=" " ind2=" " tag="040"><subfield code="a">MGN</subfield><subfield code="b">eng</subfield><subfield code="c">MGN</subfield><subfield code="d">OCLCQ</subfield></datafield><datafield ind1=" " ind2=" " tag="042"><subfield code="a">msc</subfield></datafield><datafield ind1="0" ind2=" " tag="130"><subfield code="a">Adams transcript (North Adams, Mass. : 1866)</subfield></datafield><datafield ind1="1" ind2="4" tag="245"><subfield code="a">The Adams transcript.</subfield></datafield><datafield ind1=" " ind2=" " tag="260"><subfield code="a">North Adams, Mass. :</subfield><subfield code="b">James T. Robinson &amp; Co.</subfield></datafield><datafield ind1=" " ind2=" " tag="300"><subfield code="a">v.</subfield></datafield><datafield ind1=" " ind2=" " tag="310"><subfield code="a">Weekly</subfield></datafield><datafield ind1="0" ind2=" " tag="362"><subfield code="a">-v. 43, no. 5 (Dec. 14, 1882).</subfield></datafield><datafield ind1=" " ind2=" " tag="588"><subfield code="a">Description based on: Vol. 26, no. 8 (Jan. 25, 1866).</subfield></datafield><datafield ind1=" " ind2=" " tag="752"><subfield code="a">United States</subfield><subfield code="b">Massachusetts</subfield><subfield code="c">Berkshire</subfield><subfield code="d">North Adams.</subfield></datafield><datafield ind1="0" ind2="0" tag="780"><subfield code="t">Adams news and transcript</subfield><subfield code="w">(DLC)sn 89063339</subfield></datafield><datafield ind1="0" ind2="0" tag="785"><subfield code="t">North Adams transcript (North Adams, Mass. : Weekly)</subfield><subfield code="w">(DLC)sn 85033152</subfield></datafield><datafield ind1="1" ind2=" " tag="029"><subfield code="a">AU@</subfield><subfield code="b">000025852040</subfield></datafield></record>